@article{li2022deep,
  title={Deep Hierarchical Semantic Segmentation},
  author={Li, Liulei and Zhou, Tianfei and Wang, Wenguan and Li, Jianwu and Yang, Yi},
  journal={arXiv preprint arXiv:2203.14335},
  year={2022}
}

@inproceedings{neuhold2017mapillary,
  title={The mapillary vistas dataset for semantic understanding of street scenes},
  author={Neuhold, Gerhard and Ollmann, Tobias and Rota Bulo, Samuel and Kontschieder, Peter},
  booktitle={Proceedings of the IEEE international conference on computer vision},
  pages={4990--4999},
  year={2017}
}

@inproceedings{cordts2016cityscapes,
  title={The cityscapes dataset for semantic urban scene understanding},
  author={Cordts, Marius and Omran, Mohamed and Ramos, Sebastian and Rehfeld, Timo and Enzweiler, Markus and Benenson, Rodrigo and Franke, Uwe and Roth, Stefan and Schiele, Bernt},
  booktitle={Proceedings of the IEEE conference on computer vision and pattern recognition},
  pages={3213--3223},
  year={2016}
}

@article{olimov2021ref,
  title={REF-Net: robust, efficient, and fast network for semantic segmentation applications using devices with limited computational resources},
  author={Olimov, Bekhzod and Kim, Jeonghong and Paul, Anand},
  journal={IEEE Access},
  volume={9},
  pages={15084--15098},
  year={2021},
  publisher={IEEE}
}
